@article{Hansen:2019idp,
    author = "Hansen, Martin and Lupo, Alessandro and Tantalo, Nazario",
    title = "{Extraction of spectral densities from lattice correlators}",
    eprint = "1903.06476",
    archivePrefix = "arXiv",
    primaryClass = "hep-lat",
    doi = "10.1103/PhysRevD.99.094508",
    journal = "Phys. Rev. D",
    volume = "99",
    number = "9",
    pages = "094508",
    year = "2019"
}
